@Article{irace,
title="The irace package: Iterated Racing for Automatic Algorithm Configuration",
year="2016",
author="Manuel L\'{o}pez-Ib\`{a}nez \& J\'{e}r\'{e}mie Dubois-Lacoste \& Leslie P\'{e}rez C\'{a}ceres \& Thomas Stutzle \& Mauro Birattari",
journal="Operations Research Perspectives",
volume="3",
pages="43-58",
doi="10.1016/j.orp.2016.09.002"
}

@Book{tabuprinciple,
author="Fred Glover \& Manuel Laguna \& Rafael Marti",
title="Principle of tabu search",
journal="Handbook of Approximation Algorithms and Metaheuristics",
year="2007",
chapter="23",
}

@article{Pan201231,
title = "Local search methods for the flowshop scheduling problem with flowtime minimization ",
journal = "European Journal of Operational Research ",
volume = "222",
number = "1",
pages = "31 - 43",
year = "2012",
note = "",
issn = "0377-2217",
doi = "https://doi.org/10.1016/j.ejor.2012.04.034",
url = "http://www.sciencedirect.com/science/article/pii/S0377221712003426",
author = "Quan-Ke Pan and Rub√©n Ruiz",
}

@article{Tseng2010121,
title = "A genetic local search algorithm for minimizing total flowtime in the permutation flowshop scheduling problem ",
journal = "International Journal of Production Economics ",
volume = "127",
number = "1",
pages = "121 - 128",
year = "2010",
note = "",
issn = "0925-5273",
doi = "https://doi.org/10.1016/j.ijpe.2010.05.003",
url = "http://www.sciencedirect.com/science/article/pii/S0925527310001830",
author = "Lin-Yu Tseng and Ya-Tai Lin",
}
